@inproceedings{Dolan2017,
  author       = {Stephen Dolan and
                  Alan Mycroft},
  title        = {Polymorphism, Subtyping, and Type Inference in MLsub},
  booktitle    = {{POPL} 2017},
  pages        = {60--72},
  publisher    = {{ACM}},
  year         = {2017},
  url          = {https://doi.org/10.1145/3009837.3009882},
  doi          = {10.1145/3009837.3009882},
  biburl       = {https://dblp.org/rec/conf/popl/DolanM17.bib}
}

@incollection{PottierRemy2005,
  author = {Fran{\c{c}}ois Pottier and Didier R{\'{e}}my},
  title = {The Essence of ML Type Inference},
  booktitle = {Advanced Topics in Types and Programming Languages},
  pages = {389--489},
  publisher = {MIT Press},
  year = {2005},
  editor = {Benjamin C. Pierce},
  chapter = {10},
  url = {http://cristal.inria.fr/attapl/},
  category = {B}
}

@misc{Karpov2019,
  author = {Mark Karpov},
  howpublished = {Blog post},
  title = {Megaparsec tutorial},
  year = {2019},
  url = {https://markkarpov.com/tutorial/megaparsec.html},
  urldate = {3 June 2025}
}

@article{Tarjan1972,
  author       = {Robert Endre Tarjan},
  title        = {Depth-First Search and Linear Graph Algorithms},
  journal      = {{SIAM} J. Comput.},
  volume       = {1},
  number       = {2},
  pages        = {146--160},
  year         = {1972},
  doi          = {10.1137/0201010}
}

@inproceedings{King1995,
  author       = {David J. King and
                  John Launchbury},
  title        = {Structuring Depth-First Search Algorithms in Haskell},
  booktitle    = {POPL '95},
  address      = {San Francisco, CA},
  pages        = {344--354},
  publisher    = {{ACM} Press},
  year         = {1995},
  doi          = {10.1145/199448.199530},
  biburl       = {https://dblp.org/rec/conf/popl/KingL95.bib},
}

@article{Igarashi2001,
  author       = {Atsushi Igarashi and
                  Benjamin C. Pierce and
                  Philip Wadler},
  title        = {Featherweight Java: A Minimal Core Calculus for Java and GJ},
  journal      = {{ACM} Trans. Program. Lang. Syst.},
  volume       = {23},
  number       = {3},
  pages        = {396--450},
  year         = {2001},
  doi          = {10.1145/503502.503505},
  biburl       = {https://dblp.org/rec/journals/toplas/IgarashiPW01.bib},
}
