@incollection{PottierRemy2005,
  author = {Fran{\c{c}}ois Pottier and Didier R{\'{e}}my},
  title = {The Essence of ML Type Inference},
  booktitle = {Advanced Topics in Types and Programming Languages},
  pages = {389--489},
  publisher = {MIT Press},
  year = {2005},
  editor = {Benjamin C. Pierce},
  chapter = {10},
  url = {http://cristal.inria.fr/attapl/},
  category = {B}
}
